@misc{Photoresistor1,
  title = {Photoresistor},
  howpublished = "\url{https://en.wikipedia.org/wiki/Photoresistor}"
}

@misc{Photoresistor2,
  title = {Photoresistor},
  howpublished = "\url{https://www.electronics-notes.com/articles/electronic_components/resistors/light-dependent-resistor-ldr.php}"
}

@misc{Photoresistor3,
  title = {Photoresistor},
  howpublished = "\url{http://www.resistorguide.com/photoresistor}"
}

@misc{Arduino,
  title = {Arduino},
  howpublished = "\url{https://www.arduino.cc}"
}

@misc{StepMotor,
  title = {Step motor},
  howpublished = "\url{https://en.wikipedia.org/wiki/Stepper_motor}"
}

@misc{MotorDatasheet,
  title = {Datasheet 28BYJ-48},
  howpublished = "\url{http://robocraft.ru/files/datasheet/28BYJ-48.pdf}"
}

@misc{DriverMotorDatasheet,
  title = {Datasheet ULN2003},
  howpublished = "\url{https://www.electronicoscaldas.com/datasheet/ULN2003A-PCB.pdf}"
}

@misc{VoltageDivider,
  title = {Voltage divider},
  howpublished = "\url{https://en.wikipedia.org/wiki/Voltage_divider}"
}

@misc{Video,
  title = {Useful video},
  howpublished = "\url{https://www.youtube.com/watch?v=B86nqDRskVU}"
}